%YAML 1.1
%TAG !u! tag:unity3d.com,2011:
--- !u!1001 &100100000
Prefab:
  m_ObjectHideFlags: 1
  serializedVersion: 2
  m_Modification:
    m_TransformParent: {fileID: 0}
    m_Modifications: []
    m_RemovedComponents: []
  m_ParentPrefab: {fileID: 0}
  m_RootGameObject: {fileID: 1033938127713080}
  m_IsPrefabParent: 1
--- !u!1 &1002854813188540
GameObject:
  m_ObjectHideFlags: 0
  m_PrefabParentObject: {fileID: 0}
  m_PrefabInternal: {fileID: 100100000}
  serializedVersion: 5
  m_Component:
  - component: {fileID: 4256242819724718}
  - component: {fileID: 33270133304550808}
  - component: {fileID: 23382029157743230}
  m_Layer: 0
  m_Name: g_pCube1_pCube1_1001
  m_TagString: Untagged
  m_Icon: {fileID: 0}
  m_NavMeshLayer: 0
  m_StaticEditorFlags: 0
  m_IsActive: 1
--- !u!1 &1033938127713080
GameObject:
  m_ObjectHideFlags: 0
  m_PrefabParentObject: {fileID: 0}
  m_PrefabInternal: {fileID: 100100000}
  serializedVersion: 5
  m_Component:
  - component: {fileID: 4405305619047302}
  - component: {fileID: 114880662414670890}
  m_Layer: 0
  m_Name: Inclined Metal Ramp Mesh SP (1)
  m_TagString: Untagged
  m_Icon: {fileID: 0}
  m_NavMeshLayer: 0
  m_StaticEditorFlags: 0
  m_IsActive: 1
--- !u!1 &1416538366557420
GameObject:
  m_ObjectHideFlags: 0
  m_PrefabParentObject: {fileID: 0}
  m_PrefabInternal: {fileID: 100100000}
  serializedVersion: 5
  m_Component:
  - component: {fileID: 4856448602202284}
  m_Layer: 0
  m_Name: GameObject
  m_TagString: Untagged
  m_Icon: {fileID: 0}
  m_NavMeshLayer: 0
  m_StaticEditorFlags: 0
  m_IsActive: 1
--- !u!1 &1575618366311120
GameObject:
  m_ObjectHideFlags: 0
  m_PrefabParentObject: {fileID: 0}
  m_PrefabInternal: {fileID: 100100000}
  serializedVersion: 5
  m_Component:
  - component: {fileID: 4288934590083068}
  m_Layer: 0
  m_Name: GameObject__1_
  m_TagString: Untagged
  m_Icon: {fileID: 0}
  m_NavMeshLayer: 0
  m_StaticEditorFlags: 0
  m_IsActive: 1
--- !u!4 &4256242819724718
Transform:
  m_ObjectHideFlags: 1
  m_PrefabParentObject: {fileID: 0}
  m_PrefabInternal: {fileID: 100100000}
  m_GameObject: {fileID: 1002854813188540}
  m_LocalRotation: {x: 0, y: -0, z: -0, w: 1}
  m_LocalPosition: {x: -0, y: 0, z: 0}
  m_LocalScale: {x: 1, y: 1, z: 1}
  m_Children: []
  m_Father: {fileID: 4405305619047302}
  m_RootOrder: 0
  m_LocalEulerAnglesHint: {x: 0, y: 0, z: 0}
--- !u!4 &4288934590083068
Transform:
  m_ObjectHideFlags: 1
  m_PrefabParentObject: {fileID: 0}
  m_PrefabInternal: {fileID: 100100000}
  m_GameObject: {fileID: 1575618366311120}
  m_LocalRotation: {x: 0, y: 0, z: 0, w: 1}
  m_LocalPosition: {x: 0, y: 0, z: 0}
  m_LocalScale: {x: 1, y: 1, z: 1}
  m_Children: []
  m_Father: {fileID: 4405305619047302}
  m_RootOrder: 2
  m_LocalEulerAnglesHint: {x: 0, y: 0, z: 0}
--- !u!4 &4405305619047302
Transform:
  m_ObjectHideFlags: 1
  m_PrefabParentObject: {fileID: 0}
  m_PrefabInternal: {fileID: 100100000}
  m_GameObject: {fileID: 1033938127713080}
  m_LocalRotation: {x: 0.47671977, y: 0.005121836, z: -0.0034501425, w: 0.8790336}
  m_LocalPosition: {x: -30.67, y: 0.33, z: -16.99}
  m_LocalScale: {x: 0.012848715, y: 0.030739652, z: 0.0016069246}
  m_Children:
  - {fileID: 4256242819724718}
  - {fileID: 4856448602202284}
  - {fileID: 4288934590083068}
  m_Father: {fileID: 0}
  m_RootOrder: 0
  m_LocalEulerAnglesHint: {x: 56.944004, y: 0.6, z: -0.124000005}
--- !u!4 &4856448602202284
Transform:
  m_ObjectHideFlags: 1
  m_PrefabParentObject: {fileID: 0}
  m_PrefabInternal: {fileID: 100100000}
  m_GameObject: {fileID: 1416538366557420}
  m_LocalRotation: {x: 0, y: 0, z: 0, w: 1}
  m_LocalPosition: {x: 0, y: 0, z: 0}
  m_LocalScale: {x: 1, y: 1, z: 1}
  m_Children: []
  m_Father: {fileID: 4405305619047302}
  m_RootOrder: 1
  m_LocalEulerAnglesHint: {x: 0, y: 0, z: 0}
--- !u!23 &23382029157743230
MeshRenderer:
  m_ObjectHideFlags: 1
  m_PrefabParentObject: {fileID: 0}
  m_PrefabInternal: {fileID: 100100000}
  m_GameObject: {fileID: 1002854813188540}
  m_Enabled: 1
  m_CastShadows: 1
  m_ReceiveShadows: 1
  m_MotionVectors: 1
  m_LightProbeUsage: 1
  m_ReflectionProbeUsage: 1
  m_Materials:
  - {fileID: 2100000, guid: c49e0dcc76ea7134e9ea3f6da15b9f60, type: 2}
  m_StaticBatchInfo:
    firstSubMesh: 0
    subMeshCount: 0
  m_StaticBatchRoot: {fileID: 0}
  m_ProbeAnchor: {fileID: 0}
  m_LightProbeVolumeOverride: {fileID: 0}
  m_ScaleInLightmap: 1
  m_PreserveUVs: 0
  m_IgnoreNormalsForChartDetection: 0
  m_ImportantGI: 0
  m_SelectedEditorRenderState: 3
  m_MinimumChartSize: 4
  m_AutoUVMaxDistance: 0.5
  m_AutoUVMaxAngle: 89
  m_LightmapParameters: {fileID: 0}
  m_SortingLayerID: 0
  m_SortingLayer: 0
  m_SortingOrder: 0
--- !u!33 &33270133304550808
MeshFilter:
  m_ObjectHideFlags: 1
  m_PrefabParentObject: {fileID: 0}
  m_PrefabInternal: {fileID: 100100000}
  m_GameObject: {fileID: 1002854813188540}
  m_Mesh: {fileID: 4300000, guid: 94d0e0a8b9e3346439bd591fa8ff62df, type: 3}
--- !u!114 &114880662414670890
MonoBehaviour:
  m_ObjectHideFlags: 1
  m_PrefabParentObject: {fileID: 0}
  m_PrefabInternal: {fileID: 100100000}
  m_GameObject: {fileID: 1033938127713080}
  m_Enabled: 1
  m_EditorHideFlags: 0
  m_Script: {fileID: 69888640, guid: 628ffbda3fdf4df4588770785d91a698, type: 3}
  m_Name: 
  m_EditorClassIdentifier: 
  m_fbxHistory: '{"-g_pCube1_pCube1_1001":{"UnityEngine.MeshFilter": "{\"MeshFilter\":{\"m_Mesh\":{\"fileID\":4300000,\"guid\":\"94d0e0a8b9e3346439bd591fa8ff62df\",\"type\":3}}}","UnityEngine.MeshRenderer":
    "{\"MeshRenderer\":{\"m_Enabled\":true,\"m_CastShadows\":1,\"m_ReceiveShadows\":true,\"m_MotionVectors\":1,\"m_LightProbeUsage\":1,\"m_ReflectionProbeUsage\":1,\"m_Materials\":[{\"fileID\":2100000,\"guid\":\"c49e0dcc76ea7134e9ea3f6da15b9f60\",\"type\":2}],\"m_StaticBatchInfo\":{\"firstSubMesh\":0,\"subMeshCount\":0},\"m_StaticBatchRoot\":{\"instanceID\":0},\"m_ProbeAnchor\":{\"instanceID\":0},\"m_LightProbeVolumeOverride\":{\"instanceID\":0},\"m_ScaleInLightmap\":1.0,\"m_PreserveUVs\":false,\"m_IgnoreNormalsForChartDetection\":false,\"m_ImportantGI\":false,\"m_SelectedEditorRenderState\":3,\"m_MinimumChartSize\":4,\"m_AutoUVMaxDistance\":0.5,\"m_AutoUVMaxAngle\":89.0,\"m_LightmapParameters\":{\"instanceID\":0},\"m_SortingLayerID\":0,\"m_SortingLayer\":0,\"m_SortingOrder\":0}}","UnityEngine.Transform":
    "{\"Transform\":{\"m_LocalRotation\":{\"x\":0.0,\"y\":0.0,\"z\":0.0,\"w\":1.0},\"m_LocalPosition\":{\"x\":0.0,\"y\":0.0,\"z\":0.0},\"m_LocalScale\":{\"x\":1.0,\"y\":1.0,\"z\":1.0},\"m_RootOrder\":0,\"m_LocalEulerAnglesHint\":{\"x\":0.0,\"y\":0.0,\"z\":0.0}}}"},"-GameObject":{"UnityEngine.Transform":
    "{\"Transform\":{\"m_LocalRotation\":{\"x\":0.0,\"y\":0.0,\"z\":0.0,\"w\":1.0},\"m_LocalPosition\":{\"x\":0.0,\"y\":0.0,\"z\":0.0},\"m_LocalScale\":{\"x\":1.0,\"y\":1.0,\"z\":1.0},\"m_RootOrder\":1,\"m_LocalEulerAnglesHint\":{\"x\":0.0,\"y\":0.0,\"z\":0.0}}}"},"-GameObject__1_":{"UnityEngine.Transform":
    "{\"Transform\":{\"m_LocalRotation\":{\"x\":0.0,\"y\":0.0,\"z\":0.0,\"w\":1.0},\"m_LocalPosition\":{\"x\":0.0,\"y\":0.0,\"z\":0.0},\"m_LocalScale\":{\"x\":1.0,\"y\":1.0,\"z\":1.0},\"m_RootOrder\":2,\"m_LocalEulerAnglesHint\":{\"x\":0.0,\"y\":0.0,\"z\":0.0}}}"}}'
  m_fbxModel: {fileID: 100006, guid: 94d0e0a8b9e3346439bd591fa8ff62df, type: 3}
  m_autoUpdate: 1
